%YAML 1.1
%TAG !u! tag:unity3d.com,2011:
--- !u!29 &1
OcclusionCullingSettings:
  m_ObjectHideFlags: 0
  serializedVersion: 2
  m_OcclusionBakeSettings:
    smallestOccluder: 5
    smallestHole: 0.25
    backfaceThreshold: 100
  m_SceneGUID: 00000000000000000000000000000000
  m_OcclusionCullingData: {fileID: 0}
--- !u!104 &2
RenderSettings:
  m_ObjectHideFlags: 0
  serializedVersion: 8
  m_Fog: 0
  m_FogColor: {r: 0.5, g: 0.5, b: 0.5, a: 1}
  m_FogMode: 3
  m_FogDensity: 0.01
  m_LinearFogStart: 0
  m_LinearFogEnd: 300
  m_AmbientSkyColor: {r: 0.212, g: 0.227, b: 0.259, a: 1}
  m_AmbientEquatorColor: {r: 0.114, g: 0.125, b: 0.133, a: 1}
  m_AmbientGroundColor: {r: 0.047, g: 0.043, b: 0.035, a: 1}
  m_AmbientIntensity: 1
  m_AmbientMode: 0
  m_SubtractiveShadowColor: {r: 0.42, g: 0.478, b: 0.627, a: 1}
  m_SkyboxMaterial: {fileID: 10304, guid: 0000000000000000f000000000000000, type: 0}
  m_HaloStrength: 0.5
  m_FlareStrength: 1
  m_FlareFadeSpeed: 3
  m_HaloTexture: {fileID: 0}
  m_SpotCookie: {fileID: 10001, guid: 0000000000000000e000000000000000, type: 0}
  m_DefaultReflectionMode: 0
  m_DefaultReflectionResolution: 128
  m_ReflectionBounces: 1
  m_ReflectionIntensity: 1
  m_CustomReflection: {fileID: 0}
  m_Sun: {fileID: 0}
  m_IndirectSpecularColor: {r: 0, g: 0, b: 0, a: 1}
--- !u!157 &3
LightmapSettings:
  m_ObjectHideFlags: 0
  serializedVersion: 11
  m_GIWorkflowMode: 0
  m_GISettings:
    serializedVersion: 2
    m_BounceScale: 1
    m_IndirectOutputScale: 1
    m_AlbedoBoost: 1
    m_TemporalCoherenceThreshold: 1
    m_EnvironmentLightingMode: 0
    m_EnableBakedLightmaps: 1
    m_EnableRealtimeLightmaps: 1
  m_LightmapEditorSettings:
    serializedVersion: 9
    m_Resolution: 2
    m_BakeResolution: 40
    m_TextureWidth: 1024
    m_TextureHeight: 1024
    m_AO: 0
    m_AOMaxDistance: 1
    m_CompAOExponent: 1
    m_CompAOExponentDirect: 0
    m_Padding: 2
    m_LightmapParameters: {fileID: 0}
    m_LightmapsBakeMode: 1
    m_TextureCompression: 1
    m_FinalGather: 0
    m_FinalGatherFiltering: 1
    m_FinalGatherRayCount: 256
    m_ReflectionCompression: 2
    m_MixedBakeMode: 1
    m_BakeBackend: 0
    m_PVRSampling: 1
    m_PVRDirectSampleCount: 32
    m_PVRSampleCount: 500
    m_PVRBounces: 2
    m_PVRFilterTypeDirect: 0
    m_PVRFilterTypeIndirect: 0
    m_PVRFilterTypeAO: 0
    m_PVRFilteringMode: 0
    m_PVRCulling: 1
    m_PVRFilteringGaussRadiusDirect: 1
    m_PVRFilteringGaussRadiusIndirect: 5
    m_PVRFilteringGaussRadiusAO: 2
    m_PVRFilteringAtrousPositionSigmaDirect: 0.5
    m_PVRFilteringAtrousPositionSigmaIndirect: 2
    m_PVRFilteringAtrousPositionSigmaAO: 1
    m_ShowResolutionOverlay: 1
  m_LightingDataAsset: {fileID: 0}
  m_UseShadowmask: 0
--- !u!196 &4
NavMeshSettings:
  serializedVersion: 2
  m_ObjectHideFlags: 0
  m_BuildSettings:
    serializedVersion: 2
    agentTypeID: 0
    agentRadius: 0.5
    agentHeight: 2
    agentSlope: 45
    agentClimb: 0.4
    ledgeDropHeight: 0
    maxJumpAcrossDistance: 0
    minRegionArea: 2
    manualCellSize: 0
    cellSize: 0.16666667
    manualTileSize: 0
    tileSize: 256
    accuratePlacement: 0
    debug:
      m_Flags: 0
  m_NavMeshData: {fileID: 0}
--- !u!1001 &73467240
Prefab:
  m_ObjectHideFlags: 0
  serializedVersion: 2
  m_Modification:
    m_TransformParent: {fileID: 0}
    m_Modifications:
    - target: {fileID: 4151849282131092, guid: 0f4626d7ac0234913ad499936009406b, type: 2}
      propertyPath: m_LocalPosition.x
      value: 0
      objectReference: {fileID: 0}
    - target: {fileID: 4151849282131092, guid: 0f4626d7ac0234913ad499936009406b, type: 2}
      propertyPath: m_LocalPosition.y
      value: 0
      objectReference: {fileID: 0}
    - target: {fileID: 4151849282131092, guid: 0f4626d7ac0234913ad499936009406b, type: 2}
      propertyPath: m_LocalPosition.z
      value: 0
      objectReference: {fileID: 0}
    - target: {fileID: 4151849282131092, guid: 0f4626d7ac0234913ad499936009406b, type: 2}
      propertyPath: m_LocalRotation.x
      value: 0
      objectReference: {fileID: 0}
    - target: {fileID: 4151849282131092, guid: 0f4626d7ac0234913ad499936009406b, type: 2}
      propertyPath: m_LocalRotation.y
      value: 0
      objectReference: {fileID: 0}
    - target: {fileID: 4151849282131092, guid: 0f4626d7ac0234913ad499936009406b, type: 2}
      propertyPath: m_LocalRotation.z
      value: 0
      objectReference: {fileID: 0}
    - target: {fileID: 4151849282131092, guid: 0f4626d7ac0234913ad499936009406b, type: 2}
      propertyPath: m_LocalRotation.w
      value: 1
      objectReference: {fileID: 0}
    - target: {fileID: 4151849282131092, guid: 0f4626d7ac0234913ad499936009406b, type: 2}
      propertyPath: m_RootOrder
      value: 3
      objectReference: {fileID: 0}
    - target: {fileID: 1908222340293382, guid: 0f4626d7ac0234913ad499936009406b, type: 2}
      propertyPath: m_Name
      value: Vending Machine (Cola)
      objectReference: {fileID: 0}
    m_RemovedComponents: []
  m_ParentPrefab: {fileID: 100100000, guid: 0f4626d7ac0234913ad499936009406b, type: 2}
  m_RootGameObject: {fileID: 923411857}
  m_IsPrefabParent: 0
--- !u!1 &214308463
GameObject:
  m_ObjectHideFlags: 0
  m_PrefabParentObject: {fileID: 1256368709651756, guid: 0f4626d7ac0234913ad499936009406b,
    type: 2}
  m_PrefabInternal: {fileID: 73467240}
  serializedVersion: 5
  m_Component:
  - component: {fileID: 214308464}
  - component: {fileID: 214308466}
  - component: {fileID: 214308465}
  m_Layer: 0
  m_Name: Vending Machine Decal
  m_TagString: Untagged
  m_Icon: {fileID: 0}
  m_NavMeshLayer: 0
  m_StaticEditorFlags: 0
  m_IsActive: 1
--- !u!4 &214308464
Transform:
  m_ObjectHideFlags: 0
  m_PrefabParentObject: {fileID: 4081629303625958, guid: 0f4626d7ac0234913ad499936009406b,
    type: 2}
  m_PrefabInternal: {fileID: 73467240}
  m_GameObject: {fileID: 214308463}
  m_LocalRotation: {x: 0, y: -0, z: -0, w: 1}
  m_LocalPosition: {x: -0, y: 0, z: 0}
  m_LocalScale: {x: 1, y: 1, z: 1}
  m_Children: []
  m_Father: {fileID: 923411858}
  m_RootOrder: 1
  m_LocalEulerAnglesHint: {x: 0, y: 0, z: 0}
--- !u!23 &214308465
MeshRenderer:
  m_ObjectHideFlags: 0
  m_PrefabParentObject: {fileID: 23962370849078922, guid: 0f4626d7ac0234913ad499936009406b,
    type: 2}
  m_PrefabInternal: {fileID: 73467240}
  m_GameObject: {fileID: 214308463}
  m_Enabled: 1
  m_CastShadows: 1
  m_ReceiveShadows: 1
  m_DynamicOccludee: 1
  m_MotionVectors: 1
  m_LightProbeUsage: 1
  m_ReflectionProbeUsage: 1
  m_Materials:
  - {fileID: 2100000, guid: cf020338da98f49a9a9cc6283bb85592, type: 2}
  m_StaticBatchInfo:
    firstSubMesh: 0
    subMeshCount: 0
  m_StaticBatchRoot: {fileID: 0}
  m_ProbeAnchor: {fileID: 0}
  m_LightProbeVolumeOverride: {fileID: 0}
  m_ScaleInLightmap: 1
  m_PreserveUVs: 0
  m_IgnoreNormalsForChartDetection: 0
  m_ImportantGI: 0
  m_StitchLightmapSeams: 0
  m_SelectedEditorRenderState: 3
  m_MinimumChartSize: 4
  m_AutoUVMaxDistance: 0.5
  m_AutoUVMaxAngle: 89
  m_LightmapParameters: {fileID: 0}
  m_SortingLayerID: 0
  m_SortingLayer: 0
  m_SortingOrder: 0
--- !u!33 &214308466
MeshFilter:
  m_ObjectHideFlags: 0
  m_PrefabParentObject: {fileID: 33837063495750686, guid: 0f4626d7ac0234913ad499936009406b,
    type: 2}
  m_PrefabInternal: {fileID: 73467240}
  m_GameObject: {fileID: 214308463}
  m_Mesh: {fileID: 4300006, guid: b616c5a8c62794d8da1c1680e586e7c0, type: 3}
--- !u!1 &365388212
GameObject:
  m_ObjectHideFlags: 0
  m_PrefabParentObject: {fileID: 1908222340293382, guid: 0f4626d7ac0234913ad499936009406b,
    type: 2}
  m_PrefabInternal: {fileID: 1906235077}
  serializedVersion: 5
  m_Component:
  - component: {fileID: 365388213}
  m_Layer: 0
  m_Name: Vending Machine (Lime)
  m_TagString: Untagged
  m_Icon: {fileID: 0}
  m_NavMeshLayer: 0
  m_StaticEditorFlags: 0
  m_IsActive: 1
--- !u!4 &365388213
Transform:
  m_ObjectHideFlags: 0
  m_PrefabParentObject: {fileID: 4151849282131092, guid: 0f4626d7ac0234913ad499936009406b,
    type: 2}
  m_PrefabInternal: {fileID: 1906235077}
  m_GameObject: {fileID: 365388212}
  m_LocalRotation: {x: 0, y: 0, z: 0, w: 1}
  m_LocalPosition: {x: 1.5, y: 0, z: 0}
  m_LocalScale: {x: 1, y: 1, z: 1}
  m_Children:
  - {fileID: 520318131}
  - {fileID: 828862956}
  - {fileID: 1868122144}
  - {fileID: 1401964909}
  m_Father: {fileID: 0}
  m_RootOrder: 2
  m_LocalEulerAnglesHint: {x: 0, y: 0, z: 0}
--- !u!1001 &383887884
Prefab:
  m_ObjectHideFlags: 0
  serializedVersion: 2
  m_Modification:
    m_TransformParent: {fileID: 0}
    m_Modifications:
    - target: {fileID: 4151849282131092, guid: 0f4626d7ac0234913ad499936009406b, type: 2}
      propertyPath: m_LocalPosition.x
      value: -1.5
      objectReference: {fileID: 0}
    - target: {fileID: 4151849282131092, guid: 0f4626d7ac0234913ad499936009406b, type: 2}
      propertyPath: m_LocalPosition.y
      value: 0
      objectReference: {fileID: 0}
    - target: {fileID: 4151849282131092, guid: 0f4626d7ac0234913ad499936009406b, type: 2}
      propertyPath: m_LocalPosition.z
      value: 0
      objectReference: {fileID: 0}
    - target: {fileID: 4151849282131092, guid: 0f4626d7ac0234913ad499936009406b, type: 2}
      propertyPath: m_LocalRotation.x
      value: 0
      objectReference: {fileID: 0}
    - target: {fileID: 4151849282131092, guid: 0f4626d7ac0234913ad499936009406b, type: 2}
      propertyPath: m_LocalRotation.y
      value: 0
      objectReference: {fileID: 0}
    - target: {fileID: 4151849282131092, guid: 0f4626d7ac0234913ad499936009406b, type: 2}
      propertyPath: m_LocalRotation.z
      value: 0
      objectReference: {fileID: 0}
    - target: {fileID: 4151849282131092, guid: 0f4626d7ac0234913ad499936009406b, type: 2}
      propertyPath: m_LocalRotation.w
      value: 1
      objectReference: {fileID: 0}
    - target: {fileID: 4151849282131092, guid: 0f4626d7ac0234913ad499936009406b, type: 2}
      propertyPath: m_RootOrder
      value: 1
      objectReference: {fileID: 0}
    - target: {fileID: 1908222340293382, guid: 0f4626d7ac0234913ad499936009406b, type: 2}
      propertyPath: m_Name
      value: Vending Machine (Water)
      objectReference: {fileID: 0}
    - target: {fileID: 23206205097265556, guid: 0f4626d7ac0234913ad499936009406b,
        type: 2}
      propertyPath: m_Materials.Array.data[0]
      value: 
      objectReference: {fileID: 2100000, guid: 5d03aece5341541c6834f84298f1f8cc, type: 2}
    m_RemovedComponents: []
  m_ParentPrefab: {fileID: 100100000, guid: 0f4626d7ac0234913ad499936009406b, type: 2}
  m_RootGameObject: {fileID: 1317641495}
  m_IsPrefabParent: 0
--- !u!1 &400560370
GameObject:
  m_ObjectHideFlags: 0
  m_PrefabParentObject: {fileID: 0}
  m_PrefabInternal: {fileID: 0}
  serializedVersion: 5
  m_Component:
  - component: {fileID: 400560374}
  - component: {fileID: 400560373}
  - component: {fileID: 400560372}
  - component: {fileID: 400560371}
  m_Layer: 0
  m_Name: Quad
  m_TagString: Untagged
  m_Icon: {fileID: 0}
  m_NavMeshLayer: 0
  m_StaticEditorFlags: 0
  m_IsActive: 1
--- !u!23 &400560371
MeshRenderer:
  m_ObjectHideFlags: 0
  m_PrefabParentObject: {fileID: 0}
  m_PrefabInternal: {fileID: 0}
  m_GameObject: {fileID: 400560370}
  m_Enabled: 1
  m_CastShadows: 1
  m_ReceiveShadows: 1
  m_DynamicOccludee: 1
  m_MotionVectors: 1
  m_LightProbeUsage: 1
  m_ReflectionProbeUsage: 1
  m_Materials:
  - {fileID: 2100000, guid: 524f4343017774f9ab467e745f020f76, type: 2}
  m_StaticBatchInfo:
    firstSubMesh: 0
    subMeshCount: 0
  m_StaticBatchRoot: {fileID: 0}
  m_ProbeAnchor: {fileID: 0}
  m_LightProbeVolumeOverride: {fileID: 0}
  m_ScaleInLightmap: 1
  m_PreserveUVs: 1
  m_IgnoreNormalsForChartDetection: 0
  m_ImportantGI: 0
  m_StitchLightmapSeams: 0
  m_SelectedEditorRenderState: 3
  m_MinimumChartSize: 4
  m_AutoUVMaxDistance: 0.5
  m_AutoUVMaxAngle: 89
  m_LightmapParameters: {fileID: 0}
  m_SortingLayerID: 0
  m_SortingLayer: 0
  m_SortingOrder: 0
--- !u!64 &400560372
MeshCollider:
  m_ObjectHideFlags: 0
  m_PrefabParentObject: {fileID: 0}
  m_PrefabInternal: {fileID: 0}
  m_GameObject: {fileID: 400560370}
  m_Material: {fileID: 0}
  m_IsTrigger: 0
  m_Enabled: 1
  serializedVersion: 3
  m_Convex: 0
  m_CookingOptions: 14
  m_SkinWidth: 0.01
  m_Mesh: {fileID: 10210, guid: 0000000000000000e000000000000000, type: 0}
--- !u!33 &400560373
MeshFilter:
  m_ObjectHideFlags: 0
  m_PrefabParentObject: {fileID: 0}
  m_PrefabInternal: {fileID: 0}
  m_GameObject: {fileID: 400560370}
  m_Mesh: {fileID: 10210, guid: 0000000000000000e000000000000000, type: 0}
--- !u!4 &400560374
Transform:
  m_ObjectHideFlags: 0
  m_PrefabParentObject: {fileID: 0}
  m_PrefabInternal: {fileID: 0}
  m_GameObject: {fileID: 400560370}
  m_LocalRotation: {x: 0.7071068, y: 0, z: 0, w: 0.7071068}
  m_LocalPosition: {x: 0, y: 0, z: 0}
  m_LocalScale: {x: 20, y: 20, z: 20}
  m_Children: []
  m_Father: {fileID: 0}
  m_RootOrder: 5
  m_LocalEulerAnglesHint: {x: 90, y: 0, z: 0}
--- !u!1 &495678283
GameObject:
  m_ObjectHideFlags: 0
  m_PrefabParentObject: {fileID: 1126903669114008, guid: 0f4626d7ac0234913ad499936009406b,
    type: 2}
  m_PrefabInternal: {fileID: 73467240}
  serializedVersion: 5
  m_Component:
  - component: {fileID: 495678284}
  - component: {fileID: 495678286}
  - component: {fileID: 495678285}
  m_Layer: 0
  m_Name: Vending Machine Display
  m_TagString: Untagged
  m_Icon: {fileID: 0}
  m_NavMeshLayer: 0
  m_StaticEditorFlags: 0
  m_IsActive: 1
--- !u!4 &495678284
Transform:
  m_ObjectHideFlags: 0
  m_PrefabParentObject: {fileID: 4518139363684322, guid: 0f4626d7ac0234913ad499936009406b,
    type: 2}
  m_PrefabInternal: {fileID: 73467240}
  m_GameObject: {fileID: 495678283}
  m_LocalRotation: {x: 0, y: -0, z: -0, w: 1}
  m_LocalPosition: {x: -0, y: 0, z: 0}
  m_LocalScale: {x: 1, y: 1, z: 1}
  m_Children: []
  m_Father: {fileID: 923411858}
  m_RootOrder: 2
  m_LocalEulerAnglesHint: {x: 0, y: 0, z: 0}
--- !u!23 &495678285
MeshRenderer:
  m_ObjectHideFlags: 0
  m_PrefabParentObject: {fileID: 23796913962205580, guid: 0f4626d7ac0234913ad499936009406b,
    type: 2}
  m_PrefabInternal: {fileID: 73467240}
  m_GameObject: {fileID: 495678283}
  m_Enabled: 1
  m_CastShadows: 1
  m_ReceiveShadows: 1
  m_DynamicOccludee: 1
  m_MotionVectors: 1
  m_LightProbeUsage: 1
  m_ReflectionProbeUsage: 1
  m_Materials:
  - {fileID: 2100000, guid: 73e27a7cdb62940fd84e31bc3c5784b6, type: 2}
  m_StaticBatchInfo:
    firstSubMesh: 0
    subMeshCount: 0
  m_StaticBatchRoot: {fileID: 0}
  m_ProbeAnchor: {fileID: 0}
  m_LightProbeVolumeOverride: {fileID: 0}
  m_ScaleInLightmap: 1
  m_PreserveUVs: 0
  m_IgnoreNormalsForChartDetection: 0
  m_ImportantGI: 0
  m_StitchLightmapSeams: 0
  m_SelectedEditorRenderState: 3
  m_MinimumChartSize: 4
  m_AutoUVMaxDistance: 0.5
  m_AutoUVMaxAngle: 89
  m_LightmapParameters: {fileID: 0}
  m_SortingLayerID: 0
  m_SortingLayer: 0
  m_SortingOrder: 0
--- !u!33 &495678286
MeshFilter:
  m_ObjectHideFlags: 0
  m_PrefabParentObject: {fileID: 33748081686808796, guid: 0f4626d7ac0234913ad499936009406b,
    type: 2}
  m_PrefabInternal: {fileID: 73467240}
  m_GameObject: {fileID: 495678283}
  m_Mesh: {fileID: 4300002, guid: b616c5a8c62794d8da1c1680e586e7c0, type: 3}
--- !u!1 &520318130
GameObject:
  m_ObjectHideFlags: 0
  m_PrefabParentObject: {fileID: 1884044152645724, guid: 0f4626d7ac0234913ad499936009406b,
    type: 2}
  m_PrefabInternal: {fileID: 1906235077}
  serializedVersion: 5
  m_Component:
  - component: {fileID: 520318131}
  - component: {fileID: 520318133}
  - component: {fileID: 520318132}
  m_Layer: 0
  m_Name: Vending Machine
  m_TagString: Untagged
  m_Icon: {fileID: 0}
  m_NavMeshLayer: 0
  m_StaticEditorFlags: 0
  m_IsActive: 1
--- !u!4 &520318131
Transform:
  m_ObjectHideFlags: 0
  m_PrefabParentObject: {fileID: 4743847636712626, guid: 0f4626d7ac0234913ad499936009406b,
    type: 2}
  m_PrefabInternal: {fileID: 1906235077}
  m_GameObject: {fileID: 520318130}
  m_LocalRotation: {x: 0, y: -0, z: -0, w: 1}
  m_LocalPosition: {x: -0, y: 0, z: 0}
  m_LocalScale: {x: 1, y: 1, z: 1}
  m_Children: []
  m_Father: {fileID: 365388213}
  m_RootOrder: 0
  m_LocalEulerAnglesHint: {x: 0, y: 0, z: 0}
--- !u!23 &520318132
MeshRenderer:
  m_ObjectHideFlags: 0
  m_PrefabParentObject: {fileID: 23673052251509594, guid: 0f4626d7ac0234913ad499936009406b,
    type: 2}
  m_PrefabInternal: {fileID: 1906235077}
  m_GameObject: {fileID: 520318130}
  m_Enabled: 1
  m_CastShadows: 1
  m_ReceiveShadows: 1
  m_DynamicOccludee: 1
  m_MotionVectors: 1
  m_LightProbeUsage: 1
  m_ReflectionProbeUsage: 1
  m_Materials:
  - {fileID: 2100000, guid: c5f8d1a7575c74ea8a40cf45ff91c434, type: 2}
  m_StaticBatchInfo:
    firstSubMesh: 0
    subMeshCount: 0
  m_StaticBatchRoot: {fileID: 0}
  m_ProbeAnchor: {fileID: 0}
  m_LightProbeVolumeOverride: {fileID: 0}
  m_ScaleInLightmap: 1
  m_PreserveUVs: 0
  m_IgnoreNormalsForChartDetection: 0
  m_ImportantGI: 0
  m_StitchLightmapSeams: 0
  m_SelectedEditorRenderState: 3
  m_MinimumChartSize: 4
  m_AutoUVMaxDistance: 0.5
  m_AutoUVMaxAngle: 89
  m_LightmapParameters: {fileID: 0}
  m_SortingLayerID: 0
  m_SortingLayer: 0
  m_SortingOrder: 0
--- !u!33 &520318133
MeshFilter:
  m_ObjectHideFlags: 0
  m_PrefabParentObject: {fileID: 33502863923756532, guid: 0f4626d7ac0234913ad499936009406b,
    type: 2}
  m_PrefabInternal: {fileID: 1906235077}
  m_GameObject: {fileID: 520318130}
  m_Mesh: {fileID: 4300000, guid: b616c5a8c62794d8da1c1680e586e7c0, type: 3}
--- !u!1 &724833436
GameObject:
  m_ObjectHideFlags: 0
  m_PrefabParentObject: {fileID: 0}
  m_PrefabInternal: {fileID: 0}
  serializedVersion: 5
  m_Component:
  - component: {fileID: 724833437}
  - component: {fileID: 724833438}
  m_Layer: 0
  m_Name: Reflection Probe
  m_TagString: Untagged
  m_Icon: {fileID: 0}
  m_NavMeshLayer: 0
  m_StaticEditorFlags: 0
  m_IsActive: 1
--- !u!4 &724833437
Transform:
  m_ObjectHideFlags: 0
  m_PrefabParentObject: {fileID: 0}
  m_PrefabInternal: {fileID: 0}
  m_GameObject: {fileID: 724833436}
  m_LocalRotation: {x: 0, y: 0, z: 0, w: 1}
  m_LocalPosition: {x: 0, y: 0, z: 0}
  m_LocalScale: {x: 0.18572485, y: 0.18572485, z: 0.18572485}
  m_Children: []
  m_Father: {fileID: 1887630936}
  m_RootOrder: 0
  m_LocalEulerAnglesHint: {x: 0, y: 0, z: 0}
--- !u!215 &724833438
ReflectionProbe:
  m_ObjectHideFlags: 0
  m_PrefabParentObject: {fileID: 0}
  m_PrefabInternal: {fileID: 0}
  m_GameObject: {fileID: 724833436}
  m_Enabled: 1
  serializedVersion: 2
  m_Type: 0
  m_Mode: 1
  m_RefreshMode: 0
  m_TimeSlicingMode: 0
  m_Resolution: 512
  m_UpdateFrequency: 0
  m_BoxSize: {x: 10, y: 10, z: 10}
  m_BoxOffset: {x: 0, y: 0, z: 0}
  m_NearClip: 0.3
  m_FarClip: 1000
  m_ShadowDistance: 100
  m_ClearFlags: 1
  m_BackGroundColor: {r: 0.19215687, g: 0.3019608, b: 0.4745098, a: 0}
  m_CullingMask:
    serializedVersion: 2
    m_Bits: 4294967295
  m_IntensityMultiplier: 1
  m_BlendDistance: 1
  m_HDR: 1
  m_BoxProjection: 0
  m_RenderDynamicObjects: 0
  m_UseOcclusionCulling: 1
  m_Importance: 1
  m_CustomBakedTexture: {fileID: 0}
--- !u!1 &822724321
GameObject:
  m_ObjectHideFlags: 0
  m_PrefabParentObject: {fileID: 1865875975863118, guid: 0f4626d7ac0234913ad499936009406b,
    type: 2}
  m_PrefabInternal: {fileID: 73467240}
  serializedVersion: 5
  m_Component:
  - component: {fileID: 822724322}
  - component: {fileID: 822724324}
  - component: {fileID: 822724323}
  m_Layer: 0
  m_Name: Vending Machine Front
  m_TagString: Untagged
  m_Icon: {fileID: 0}
  m_NavMeshLayer: 0
  m_StaticEditorFlags: 0
  m_IsActive: 1
--- !u!4 &822724322
Transform:
  m_ObjectHideFlags: 0
  m_PrefabParentObject: {fileID: 4779674841806304, guid: 0f4626d7ac0234913ad499936009406b,
    type: 2}
  m_PrefabInternal: {fileID: 73467240}
  m_GameObject: {fileID: 822724321}
  m_LocalRotation: {x: 0, y: -0, z: -0, w: 1}
  m_LocalPosition: {x: -0, y: 0, z: 0}
  m_LocalScale: {x: 1, y: 1, z: 1}
  m_Children: []
  m_Father: {fileID: 923411858}
  m_RootOrder: 3
  m_LocalEulerAnglesHint: {x: 0, y: 0, z: 0}
--- !u!23 &822724323
MeshRenderer:
  m_ObjectHideFlags: 0
  m_PrefabParentObject: {fileID: 23206205097265556, guid: 0f4626d7ac0234913ad499936009406b,
    type: 2}
  m_PrefabInternal: {fileID: 73467240}
  m_GameObject: {fileID: 822724321}
  m_Enabled: 1
  m_CastShadows: 1
  m_ReceiveShadows: 1
  m_DynamicOccludee: 1
  m_MotionVectors: 1
  m_LightProbeUsage: 1
  m_ReflectionProbeUsage: 1
  m_Materials:
  - {fileID: 2100000, guid: 99a5e6bcb42f848ca9f4ce4e264dd495, type: 2}
  m_StaticBatchInfo:
    firstSubMesh: 0
    subMeshCount: 0
  m_StaticBatchRoot: {fileID: 0}
  m_ProbeAnchor: {fileID: 0}
  m_LightProbeVolumeOverride: {fileID: 0}
  m_ScaleInLightmap: 1
  m_PreserveUVs: 0
  m_IgnoreNormalsForChartDetection: 0
  m_ImportantGI: 0
  m_StitchLightmapSeams: 0
  m_SelectedEditorRenderState: 3
  m_MinimumChartSize: 4
  m_AutoUVMaxDistance: 0.5
  m_AutoUVMaxAngle: 89
  m_LightmapParameters: {fileID: 0}
  m_SortingLayerID: 0
  m_SortingLayer: 0
  m_SortingOrder: 0
--- !u!33 &822724324
MeshFilter:
  m_ObjectHideFlags: 0
  m_PrefabParentObject: {fileID: 33207900072147864, guid: 0f4626d7ac0234913ad499936009406b,
    type: 2}
  m_PrefabInternal: {fileID: 73467240}
  m_GameObject: {fileID: 822724321}
  m_Mesh: {fileID: 4300004, guid: b616c5a8c62794d8da1c1680e586e7c0, type: 3}
--- !u!1 &828862955
GameObject:
  m_ObjectHideFlags: 0
  m_PrefabParentObject: {fileID: 1256368709651756, guid: 0f4626d7ac0234913ad499936009406b,
    type: 2}
  m_PrefabInternal: {fileID: 1906235077}
  serializedVersion: 5
  m_Component:
  - component: {fileID: 828862956}
  - component: {fileID: 828862958}
  - component: {fileID: 828862957}
  m_Layer: 0
  m_Name: Vending Machine Decal
  m_TagString: Untagged
  m_Icon: {fileID: 0}
  m_NavMeshLayer: 0
  m_StaticEditorFlags: 0
  m_IsActive: 1
--- !u!4 &828862956
Transform:
  m_ObjectHideFlags: 0
  m_PrefabParentObject: {fileID: 4081629303625958, guid: 0f4626d7ac0234913ad499936009406b,
    type: 2}
  m_PrefabInternal: {fileID: 1906235077}
  m_GameObject: {fileID: 828862955}
  m_LocalRotation: {x: 0, y: -0, z: -0, w: 1}
  m_LocalPosition: {x: -0, y: 0, z: 0}
  m_LocalScale: {x: 1, y: 1, z: 1}
  m_Children: []
  m_Father: {fileID: 365388213}
  m_RootOrder: 1
  m_LocalEulerAnglesHint: {x: 0, y: 0, z: 0}
--- !u!23 &828862957
MeshRenderer:
  m_ObjectHideFlags: 0
  m_PrefabParentObject: {fileID: 23962370849078922, guid: 0f4626d7ac0234913ad499936009406b,
    type: 2}
  m_PrefabInternal: {fileID: 1906235077}
  m_GameObject: {fileID: 828862955}
  m_Enabled: 1
  m_CastShadows: 1
  m_ReceiveShadows: 1
  m_DynamicOccludee: 1
  m_MotionVectors: 1
  m_LightProbeUsage: 1
  m_ReflectionProbeUsage: 1
  m_Materials:
  - {fileID: 2100000, guid: cf020338da98f49a9a9cc6283bb85592, type: 2}
  m_StaticBatchInfo:
    firstSubMesh: 0
    subMeshCount: 0
  m_StaticBatchRoot: {fileID: 0}
  m_ProbeAnchor: {fileID: 0}
  m_LightProbeVolumeOverride: {fileID: 0}
  m_ScaleInLightmap: 1
  m_PreserveUVs: 0
  m_IgnoreNormalsForChartDetection: 0
  m_ImportantGI: 0
  m_StitchLightmapSeams: 0
  m_SelectedEditorRenderState: 3
  m_MinimumChartSize: 4
  m_AutoUVMaxDistance: 0.5
  m_AutoUVMaxAngle: 89
  m_LightmapParameters: {fileID: 0}
  m_SortingLayerID: 0
  m_SortingLayer: 0
  m_SortingOrder: 0
--- !u!33 &828862958
MeshFilter:
  m_ObjectHideFlags: 0
  m_PrefabParentObject: {fileID: 33837063495750686, guid: 0f4626d7ac0234913ad499936009406b,
    type: 2}
  m_PrefabInternal: {fileID: 1906235077}
  m_GameObject: {fileID: 828862955}
  m_Mesh: {fileID: 4300006, guid: b616c5a8c62794d8da1c1680e586e7c0, type: 3}
--- !u!1 &923411857
GameObject:
  m_ObjectHideFlags: 0
  m_PrefabParentObject: {fileID: 1908222340293382, guid: 0f4626d7ac0234913ad499936009406b,
    type: 2}
  m_PrefabInternal: {fileID: 73467240}
  serializedVersion: 5
  m_Component:
  - component: {fileID: 923411858}
  m_Layer: 0
  m_Name: Vending Machine (Cola)
  m_TagString: Untagged
  m_Icon: {fileID: 0}
  m_NavMeshLayer: 0
  m_StaticEditorFlags: 0
  m_IsActive: 1
--- !u!4 &923411858
Transform:
  m_ObjectHideFlags: 0
  m_PrefabParentObject: {fileID: 4151849282131092, guid: 0f4626d7ac0234913ad499936009406b,
    type: 2}
  m_PrefabInternal: {fileID: 73467240}
  m_GameObject: {fileID: 923411857}
  m_LocalRotation: {x: 0, y: 0, z: 0, w: 1}
  m_LocalPosition: {x: 0, y: 0, z: 0}
  m_LocalScale: {x: 1, y: 1, z: 1}
  m_Children:
  - {fileID: 1787202764}
  - {fileID: 214308464}
  - {fileID: 495678284}
  - {fileID: 822724322}
  m_Father: {fileID: 0}
  m_RootOrder: 3
  m_LocalEulerAnglesHint: {x: 0, y: 0, z: 0}
--- !u!1 &1190117685
GameObject:
  m_ObjectHideFlags: 0
  m_PrefabParentObject: {fileID: 0}
  m_PrefabInternal: {fileID: 0}
  serializedVersion: 5
  m_Component:
  - component: {fileID: 1190117687}
  - component: {fileID: 1190117686}
  m_Layer: 0
  m_Name: Directional Light
  m_TagString: Untagged
  m_Icon: {fileID: 0}
  m_NavMeshLayer: 0
  m_StaticEditorFlags: 0
  m_IsActive: 1
--- !u!108 &1190117686
Light:
  m_ObjectHideFlags: 0
  m_PrefabParentObject: {fileID: 0}
  m_PrefabInternal: {fileID: 0}
  m_GameObject: {fileID: 1190117685}
  m_Enabled: 1
  serializedVersion: 8
  m_Type: 1
  m_Color: {r: 1, g: 0.95686275, b: 0.8392157, a: 1}
  m_Intensity: 1
  m_Range: 10
  m_SpotAngle: 30
  m_CookieSize: 10
  m_Shadows:
    m_Type: 2
    m_Resolution: -1
    m_CustomResolution: -1
    m_Strength: 1
    m_Bias: 0.05
    m_NormalBias: 0
    m_NearPlane: 0.2
  m_Cookie: {fileID: 0}
  m_DrawHalo: 0
  m_Flare: {fileID: 0}
  m_RenderMode: 0
  m_CullingMask:
    serializedVersion: 2
    m_Bits: 4294967295
  m_Lightmapping: 4
  m_AreaSize: {x: 1, y: 1}
  m_BounceIntensity: 1
  m_ColorTemperature: 6570
  m_UseColorTemperature: 0
  m_ShadowRadius: 0
  m_ShadowAngle: 0
--- !u!4 &1190117687
Transform:
  m_ObjectHideFlags: 0
  m_PrefabParentObject: {fileID: 0}
  m_PrefabInternal: {fileID: 0}
  m_GameObject: {fileID: 1190117685}
  m_LocalRotation: {x: 0.19100982, y: 0.8084577, z: -0.37698996, w: 0.40962192}
  m_LocalPosition: {x: 0, y: 3, z: 0}
  m_LocalScale: {x: 1, y: 1, z: 1}
  m_Children: []
  m_Father: {fileID: 0}
  m_RootOrder: 4
  m_LocalEulerAnglesHint: {x: 50.000004, y: 126.26, z: 0}
--- !u!1 &1317641495
GameObject:
  m_ObjectHideFlags: 0
  m_PrefabParentObject: {fileID: 1908222340293382, guid: 0f4626d7ac0234913ad499936009406b,
    type: 2}
  m_PrefabInternal: {fileID: 383887884}
  serializedVersion: 5
  m_Component:
  - component: {fileID: 1317641496}
  m_Layer: 0
  m_Name: Vending Machine (Water)
  m_TagString: Untagged
  m_Icon: {fileID: 0}
  m_NavMeshLayer: 0
  m_StaticEditorFlags: 0
  m_IsActive: 1
--- !u!4 &1317641496
Transform:
  m_ObjectHideFlags: 0
  m_PrefabParentObject: {fileID: 4151849282131092, guid: 0f4626d7ac0234913ad499936009406b,
    type: 2}
  m_PrefabInternal: {fileID: 383887884}
  m_GameObject: {fileID: 1317641495}
  m_LocalRotation: {x: 0, y: 0, z: 0, w: 1}
  m_LocalPosition: {x: -1.5, y: 0, z: 0}
  m_LocalScale: {x: 1, y: 1, z: 1}
  m_Children:
  - {fileID: 1733705534}
  - {fileID: 1698002858}
  - {fileID: 1633149390}
  - {fileID: 1798651242}
  m_Father: {fileID: 0}
  m_RootOrder: 1
  m_LocalEulerAnglesHint: {x: 0, y: 0, z: 0}
--- !u!1 &1401964908
GameObject:
  m_ObjectHideFlags: 0
  m_PrefabParentObject: {fileID: 1865875975863118, guid: 0f4626d7ac0234913ad499936009406b,
    type: 2}
  m_PrefabInternal: {fileID: 1906235077}
  serializedVersion: 5
  m_Component:
  - component: {fileID: 1401964909}
  - component: {fileID: 1401964911}
  - component: {fileID: 1401964910}
  m_Layer: 0
  m_Name: Vending Machine Front
  m_TagString: Untagged
  m_Icon: {fileID: 0}
  m_NavMeshLayer: 0
  m_StaticEditorFlags: 0
  m_IsActive: 1
--- !u!4 &1401964909
Transform:
  m_ObjectHideFlags: 0
  m_PrefabParentObject: {fileID: 4779674841806304, guid: 0f4626d7ac0234913ad499936009406b,
    type: 2}
  m_PrefabInternal: {fileID: 1906235077}
  m_GameObject: {fileID: 1401964908}
  m_LocalRotation: {x: 0, y: -0, z: -0, w: 1}
  m_LocalPosition: {x: -0, y: 0, z: 0}
  m_LocalScale: {x: 1, y: 1, z: 1}
  m_Children: []
  m_Father: {fileID: 365388213}
  m_RootOrder: 3
  m_LocalEulerAnglesHint: {x: 0, y: 0, z: 0}
--- !u!23 &1401964910
MeshRenderer:
  m_ObjectHideFlags: 0
  m_PrefabParentObject: {fileID: 23206205097265556, guid: 0f4626d7ac0234913ad499936009406b,
    type: 2}
  m_PrefabInternal: {fileID: 1906235077}
  m_GameObject: {fileID: 1401964908}
  m_Enabled: 1
  m_CastShadows: 1
  m_ReceiveShadows: 1
  m_DynamicOccludee: 1
  m_MotionVectors: 1
  m_LightProbeUsage: 1
  m_ReflectionProbeUsage: 1
  m_Materials:
  - {fileID: 2100000, guid: f74e9810be4ca4eedade589f8a9ea263, type: 2}
  m_StaticBatchInfo:
    firstSubMesh: 0
    subMeshCount: 0
  m_StaticBatchRoot: {fileID: 0}
  m_ProbeAnchor: {fileID: 0}
  m_LightProbeVolumeOverride: {fileID: 0}
  m_ScaleInLightmap: 1
  m_PreserveUVs: 0
  m_IgnoreNormalsForChartDetection: 0
  m_ImportantGI: 0
  m_StitchLightmapSeams: 0
  m_SelectedEditorRenderState: 3
  m_MinimumChartSize: 4
  m_AutoUVMaxDistance: 0.5
  m_AutoUVMaxAngle: 89
  m_LightmapParameters: {fileID: 0}
  m_SortingLayerID: 0
  m_SortingLayer: 0
  m_SortingOrder: 0
--- !u!33 &1401964911
MeshFilter:
  m_ObjectHideFlags: 0
  m_PrefabParentObject: {fileID: 33207900072147864, guid: 0f4626d7ac0234913ad499936009406b,
    type: 2}
  m_PrefabInternal: {fileID: 1906235077}
  m_GameObject: {fileID: 1401964908}
  m_Mesh: {fileID: 4300004, guid: b616c5a8c62794d8da1c1680e586e7c0, type: 3}
--- !u!1 &1633149389
GameObject:
  m_ObjectHideFlags: 0
  m_PrefabParentObject: {fileID: 1126903669114008, guid: 0f4626d7ac0234913ad499936009406b,
    type: 2}
  m_PrefabInternal: {fileID: 383887884}
  serializedVersion: 5
  m_Component:
  - component: {fileID: 1633149390}
  - component: {fileID: 1633149392}
  - component: {fileID: 1633149391}
  m_Layer: 0
  m_Name: Vending Machine Display
  m_TagString: Untagged
  m_Icon: {fileID: 0}
  m_NavMeshLayer: 0
  m_StaticEditorFlags: 0
  m_IsActive: 1
--- !u!4 &1633149390
Transform:
  m_ObjectHideFlags: 0
  m_PrefabParentObject: {fileID: 4518139363684322, guid: 0f4626d7ac0234913ad499936009406b,
    type: 2}
  m_PrefabInternal: {fileID: 383887884}
  m_GameObject: {fileID: 1633149389}
  m_LocalRotation: {x: 0, y: -0, z: -0, w: 1}
  m_LocalPosition: {x: -0, y: 0, z: 0}
  m_LocalScale: {x: 1, y: 1, z: 1}
  m_Children: []
  m_Father: {fileID: 1317641496}
  m_RootOrder: 2
  m_LocalEulerAnglesHint: {x: 0, y: 0, z: 0}
--- !u!23 &1633149391
MeshRenderer:
  m_ObjectHideFlags: 0
  m_PrefabParentObject: {fileID: 23796913962205580, guid: 0f4626d7ac0234913ad499936009406b,
    type: 2}
  m_PrefabInternal: {fileID: 383887884}
  m_GameObject: {fileID: 1633149389}
  m_Enabled: 1
  m_CastShadows: 1
  m_ReceiveShadows: 1
  m_DynamicOccludee: 1
  m_MotionVectors: 1
  m_LightProbeUsage: 1
  m_ReflectionProbeUsage: 1
  m_Materials:
  - {fileID: 2100000, guid: 73e27a7cdb62940fd84e31bc3c5784b6, type: 2}
  m_StaticBatchInfo:
    firstSubMesh: 0
    subMeshCount: 0
  m_StaticBatchRoot: {fileID: 0}
  m_ProbeAnchor: {fileID: 0}
  m_LightProbeVolumeOverride: {fileID: 0}
  m_ScaleInLightmap: 1
  m_PreserveUVs: 0
  m_IgnoreNormalsForChartDetection: 0
  m_ImportantGI: 0
  m_StitchLightmapSeams: 0
  m_SelectedEditorRenderState: 3
  m_MinimumChartSize: 4
  m_AutoUVMaxDistance: 0.5
  m_AutoUVMaxAngle: 89
  m_LightmapParameters: {fileID: 0}
  m_SortingLayerID: 0
  m_SortingLayer: 0
  m_SortingOrder: 0
--- !u!33 &1633149392
MeshFilter:
  m_ObjectHideFlags: 0
  m_PrefabParentObject: {fileID: 33748081686808796, guid: 0f4626d7ac0234913ad499936009406b,
    type: 2}
  m_PrefabInternal: {fileID: 383887884}
  m_GameObject: {fileID: 1633149389}
  m_Mesh: {fileID: 4300002, guid: b616c5a8c62794d8da1c1680e586e7c0, type: 3}
--- !u!1 &1698002857
GameObject:
  m_ObjectHideFlags: 0
  m_PrefabParentObject: {fileID: 1256368709651756, guid: 0f4626d7ac0234913ad499936009406b,
    type: 2}
  m_PrefabInternal: {fileID: 383887884}
  serializedVersion: 5
  m_Component:
  - component: {fileID: 1698002858}
  - component: {fileID: 1698002860}
  - component: {fileID: 1698002859}
  m_Layer: 0
  m_Name: Vending Machine Decal
  m_TagString: Untagged
  m_Icon: {fileID: 0}
  m_NavMeshLayer: 0
  m_StaticEditorFlags: 0
  m_IsActive: 1
--- !u!4 &1698002858
Transform:
  m_ObjectHideFlags: 0
  m_PrefabParentObject: {fileID: 4081629303625958, guid: 0f4626d7ac0234913ad499936009406b,
    type: 2}
  m_PrefabInternal: {fileID: 383887884}
  m_GameObject: {fileID: 1698002857}
  m_LocalRotation: {x: 0, y: -0, z: -0, w: 1}
  m_LocalPosition: {x: -0, y: 0, z: 0}
  m_LocalScale: {x: 1, y: 1, z: 1}
  m_Children: []
  m_Father: {fileID: 1317641496}
  m_RootOrder: 1
  m_LocalEulerAnglesHint: {x: 0, y: 0, z: 0}
--- !u!23 &1698002859
MeshRenderer:
  m_ObjectHideFlags: 0
  m_PrefabParentObject: {fileID: 23962370849078922, guid: 0f4626d7ac0234913ad499936009406b,
    type: 2}
  m_PrefabInternal: {fileID: 383887884}
  m_GameObject: {fileID: 1698002857}
  m_Enabled: 1
  m_CastShadows: 1
  m_ReceiveShadows: 1
  m_DynamicOccludee: 1
  m_MotionVectors: 1
  m_LightProbeUsage: 1
  m_ReflectionProbeUsage: 1
  m_Materials:
  - {fileID: 2100000, guid: cf020338da98f49a9a9cc6283bb85592, type: 2}
  m_StaticBatchInfo:
    firstSubMesh: 0
    subMeshCount: 0
  m_StaticBatchRoot: {fileID: 0}
  m_ProbeAnchor: {fileID: 0}
  m_LightProbeVolumeOverride: {fileID: 0}
  m_ScaleInLightmap: 1
  m_PreserveUVs: 0
  m_IgnoreNormalsForChartDetection: 0
  m_ImportantGI: 0
  m_StitchLightmapSeams: 0
  m_SelectedEditorRenderState: 3
  m_MinimumChartSize: 4
  m_AutoUVMaxDistance: 0.5
  m_AutoUVMaxAngle: 89
  m_LightmapParameters: {fileID: 0}
  m_SortingLayerID: 0
  m_SortingLayer: 0
  m_SortingOrder: 0
--- !u!33 &1698002860
MeshFilter:
  m_ObjectHideFlags: 0
  m_PrefabParentObject: {fileID: 33837063495750686, guid: 0f4626d7ac0234913ad499936009406b,
    type: 2}
  m_PrefabInternal: {fileID: 383887884}
  m_GameObject: {fileID: 1698002857}
  m_Mesh: {fileID: 4300006, guid: b616c5a8c62794d8da1c1680e586e7c0, type: 3}
--- !u!1 &1733705533
GameObject:
  m_ObjectHideFlags: 0
  m_PrefabParentObject: {fileID: 1884044152645724, guid: 0f4626d7ac0234913ad499936009406b,
    type: 2}
  m_PrefabInternal: {fileID: 383887884}
  serializedVersion: 5
  m_Component:
  - component: {fileID: 1733705534}
  - component: {fileID: 1733705536}
  - component: {fileID: 1733705535}
  m_Layer: 0
  m_Name: Vending Machine
  m_TagString: Untagged
  m_Icon: {fileID: 0}
  m_NavMeshLayer: 0
  m_StaticEditorFlags: 0
  m_IsActive: 1
--- !u!4 &1733705534
Transform:
  m_ObjectHideFlags: 0
  m_PrefabParentObject: {fileID: 4743847636712626, guid: 0f4626d7ac0234913ad499936009406b,
    type: 2}
  m_PrefabInternal: {fileID: 383887884}
  m_GameObject: {fileID: 1733705533}
  m_LocalRotation: {x: 0, y: -0, z: -0, w: 1}
  m_LocalPosition: {x: -0, y: 0, z: 0}
  m_LocalScale: {x: 1, y: 1, z: 1}
  m_Children: []
  m_Father: {fileID: 1317641496}
  m_RootOrder: 0
  m_LocalEulerAnglesHint: {x: 0, y: 0, z: 0}
--- !u!23 &1733705535
MeshRenderer:
  m_ObjectHideFlags: 0
  m_PrefabParentObject: {fileID: 23673052251509594, guid: 0f4626d7ac0234913ad499936009406b,
    type: 2}
  m_PrefabInternal: {fileID: 383887884}
  m_GameObject: {fileID: 1733705533}
  m_Enabled: 1
  m_CastShadows: 1
  m_ReceiveShadows: 1
  m_DynamicOccludee: 1
  m_MotionVectors: 1
  m_LightProbeUsage: 1
  m_ReflectionProbeUsage: 1
  m_Materials:
  - {fileID: 2100000, guid: c5f8d1a7575c74ea8a40cf45ff91c434, type: 2}
  m_StaticBatchInfo:
    firstSubMesh: 0
    subMeshCount: 0
  m_StaticBatchRoot: {fileID: 0}
  m_ProbeAnchor: {fileID: 0}
  m_LightProbeVolumeOverride: {fileID: 0}
  m_ScaleInLightmap: 1
  m_PreserveUVs: 0
  m_IgnoreNormalsForChartDetection: 0
  m_ImportantGI: 0
  m_StitchLightmapSeams: 0
  m_SelectedEditorRenderState: 3
  m_MinimumChartSize: 4
  m_AutoUVMaxDistance: 0.5
  m_AutoUVMaxAngle: 89
  m_LightmapParameters: {fileID: 0}
  m_SortingLayerID: 0
  m_SortingLayer: 0
  m_SortingOrder: 0
--- !u!33 &1733705536
MeshFilter:
  m_ObjectHideFlags: 0
  m_PrefabParentObject: {fileID: 33502863923756532, guid: 0f4626d7ac0234913ad499936009406b,
    type: 2}
  m_PrefabInternal: {fileID: 383887884}
  m_GameObject: {fileID: 1733705533}
  m_Mesh: {fileID: 4300000, guid: b616c5a8c62794d8da1c1680e586e7c0, type: 3}
--- !u!1 &1787202763
GameObject:
  m_ObjectHideFlags: 0
  m_PrefabParentObject: {fileID: 1884044152645724, guid: 0f4626d7ac0234913ad499936009406b,
    type: 2}
  m_PrefabInternal: {fileID: 73467240}
  serializedVersion: 5
  m_Component:
  - component: {fileID: 1787202764}
  - component: {fileID: 1787202766}
  - component: {fileID: 1787202765}
  m_Layer: 0
  m_Name: Vending Machine
  m_TagString: Untagged
  m_Icon: {fileID: 0}
  m_NavMeshLayer: 0
  m_StaticEditorFlags: 0
  m_IsActive: 1
--- !u!4 &1787202764
Transform:
  m_ObjectHideFlags: 0
  m_PrefabParentObject: {fileID: 4743847636712626, guid: 0f4626d7ac0234913ad499936009406b,
    type: 2}
  m_PrefabInternal: {fileID: 73467240}
  m_GameObject: {fileID: 1787202763}
  m_LocalRotation: {x: 0, y: -0, z: -0, w: 1}
  m_LocalPosition: {x: -0, y: 0, z: 0}
  m_LocalScale: {x: 1, y: 1, z: 1}
  m_Children: []
  m_Father: {fileID: 923411858}
  m_RootOrder: 0
  m_LocalEulerAnglesHint: {x: 0, y: 0, z: 0}
--- !u!23 &1787202765
MeshRenderer:
  m_ObjectHideFlags: 0
  m_PrefabParentObject: {fileID: 23673052251509594, guid: 0f4626d7ac0234913ad499936009406b,
    type: 2}
  m_PrefabInternal: {fileID: 73467240}
  m_GameObject: {fileID: 1787202763}
  m_Enabled: 1
  m_CastShadows: 1
  m_ReceiveShadows: 1
  m_DynamicOccludee: 1
  m_MotionVectors: 1
  m_LightProbeUsage: 1
  m_ReflectionProbeUsage: 1
  m_Materials:
  - {fileID: 2100000, guid: c5f8d1a7575c74ea8a40cf45ff91c434, type: 2}
  m_StaticBatchInfo:
    firstSubMesh: 0
    subMeshCount: 0
  m_StaticBatchRoot: {fileID: 0}
  m_ProbeAnchor: {fileID: 0}
  m_LightProbeVolumeOverride: {fileID: 0}
  m_ScaleInLightmap: 1
  m_PreserveUVs: 0
  m_IgnoreNormalsForChartDetection: 0
  m_ImportantGI: 0
  m_StitchLightmapSeams: 0
  m_SelectedEditorRenderState: 3
  m_MinimumChartSize: 4
  m_AutoUVMaxDistance: 0.5
  m_AutoUVMaxAngle: 89
  m_LightmapParameters: {fileID: 0}
  m_SortingLayerID: 0
  m_SortingLayer: 0
  m_SortingOrder: 0
--- !u!33 &1787202766
MeshFilter:
  m_ObjectHideFlags: 0
  m_PrefabParentObject: {fileID: 33502863923756532, guid: 0f4626d7ac0234913ad499936009406b,
    type: 2}
  m_PrefabInternal: {fileID: 73467240}
  m_GameObject: {fileID: 1787202763}
  m_Mesh: {fileID: 4300000, guid: b616c5a8c62794d8da1c1680e586e7c0, type: 3}
--- !u!1 &1798651241
GameObject:
  m_ObjectHideFlags: 0
  m_PrefabParentObject: {fileID: 1865875975863118, guid: 0f4626d7ac0234913ad499936009406b,
    type: 2}
  m_PrefabInternal: {fileID: 383887884}
  serializedVersion: 5
  m_Component:
  - component: {fileID: 1798651242}
  - component: {fileID: 1798651244}
  - component: {fileID: 1798651243}
  m_Layer: 0
  m_Name: Vending Machine Front
  m_TagString: Untagged
  m_Icon: {fileID: 0}
  m_NavMeshLayer: 0
  m_StaticEditorFlags: 0
  m_IsActive: 1
--- !u!4 &1798651242
Transform:
  m_ObjectHideFlags: 0
  m_PrefabParentObject: {fileID: 4779674841806304, guid: 0f4626d7ac0234913ad499936009406b,
    type: 2}
  m_PrefabInternal: {fileID: 383887884}
  m_GameObject: {fileID: 1798651241}
  m_LocalRotation: {x: 0, y: -0, z: -0, w: 1}
  m_LocalPosition: {x: -0, y: 0, z: 0}
  m_LocalScale: {x: 1, y: 1, z: 1}
  m_Children: []
  m_Father: {fileID: 1317641496}
  m_RootOrder: 3
  m_LocalEulerAnglesHint: {x: 0, y: 0, z: 0}
--- !u!23 &1798651243
MeshRenderer:
  m_ObjectHideFlags: 0
  m_PrefabParentObject: {fileID: 23206205097265556, guid: 0f4626d7ac0234913ad499936009406b,
    type: 2}
  m_PrefabInternal: {fileID: 383887884}
  m_GameObject: {fileID: 1798651241}
  m_Enabled: 1
  m_CastShadows: 1
  m_ReceiveShadows: 1
  m_DynamicOccludee: 1
  m_MotionVectors: 1
  m_LightProbeUsage: 1
  m_ReflectionProbeUsage: 1
  m_Materials:
  - {fileID: 2100000, guid: 5d03aece5341541c6834f84298f1f8cc, type: 2}
  m_StaticBatchInfo:
    firstSubMesh: 0
    subMeshCount: 0
  m_StaticBatchRoot: {fileID: 0}
  m_ProbeAnchor: {fileID: 0}
  m_LightProbeVolumeOverride: {fileID: 0}
  m_ScaleInLightmap: 1
  m_PreserveUVs: 0
  m_IgnoreNormalsForChartDetection: 0
  m_ImportantGI: 0
  m_StitchLightmapSeams: 0
  m_SelectedEditorRenderState: 3
  m_MinimumChartSize: 4
  m_AutoUVMaxDistance: 0.5
  m_AutoUVMaxAngle: 89
  m_LightmapParameters: {fileID: 0}
  m_SortingLayerID: 0
  m_SortingLayer: 0
  m_SortingOrder: 0
--- !u!33 &1798651244
MeshFilter:
  m_ObjectHideFlags: 0
  m_PrefabParentObject: {fileID: 33207900072147864, guid: 0f4626d7ac0234913ad499936009406b,
    type: 2}
  m_PrefabInternal: {fileID: 383887884}
  m_GameObject: {fileID: 1798651241}
  m_Mesh: {fileID: 4300004, guid: b616c5a8c62794d8da1c1680e586e7c0, type: 3}
--- !u!1 &1868122143
GameObject:
  m_ObjectHideFlags: 0
  m_PrefabParentObject: {fileID: 1126903669114008, guid: 0f4626d7ac0234913ad499936009406b,
    type: 2}
  m_PrefabInternal: {fileID: 1906235077}
  serializedVersion: 5
  m_Component:
  - component: {fileID: 1868122144}
  - component: {fileID: 1868122146}
  - component: {fileID: 1868122145}
  m_Layer: 0
  m_Name: Vending Machine Display
  m_TagString: Untagged
  m_Icon: {fileID: 0}
  m_NavMeshLayer: 0
  m_StaticEditorFlags: 0
  m_IsActive: 1
--- !u!4 &1868122144
Transform:
  m_ObjectHideFlags: 0
  m_PrefabParentObject: {fileID: 4518139363684322, guid: 0f4626d7ac0234913ad499936009406b,
    type: 2}
  m_PrefabInternal: {fileID: 1906235077}
  m_GameObject: {fileID: 1868122143}
  m_LocalRotation: {x: 0, y: -0, z: -0, w: 1}
  m_LocalPosition: {x: -0, y: 0, z: 0}
  m_LocalScale: {x: 1, y: 1, z: 1}
  m_Children: []
  m_Father: {fileID: 365388213}
  m_RootOrder: 2
  m_LocalEulerAnglesHint: {x: 0, y: 0, z: 0}
--- !u!23 &1868122145
MeshRenderer:
  m_ObjectHideFlags: 0
  m_PrefabParentObject: {fileID: 23796913962205580, guid: 0f4626d7ac0234913ad499936009406b,
    type: 2}
  m_PrefabInternal: {fileID: 1906235077}
  m_GameObject: {fileID: 1868122143}
  m_Enabled: 1
  m_CastShadows: 1
  m_ReceiveShadows: 1
  m_DynamicOccludee: 1
  m_MotionVectors: 1
  m_LightProbeUsage: 1
  m_ReflectionProbeUsage: 1
  m_Materials:
  - {fileID: 2100000, guid: 73e27a7cdb62940fd84e31bc3c5784b6, type: 2}
  m_StaticBatchInfo:
    firstSubMesh: 0
    subMeshCount: 0
  m_StaticBatchRoot: {fileID: 0}
  m_ProbeAnchor: {fileID: 0}
  m_LightProbeVolumeOverride: {fileID: 0}
  m_ScaleInLightmap: 1
  m_PreserveUVs: 0
  m_IgnoreNormalsForChartDetection: 0
  m_ImportantGI: 0
  m_StitchLightmapSeams: 0
  m_SelectedEditorRenderState: 3
  m_MinimumChartSize: 4
  m_AutoUVMaxDistance: 0.5
  m_AutoUVMaxAngle: 89
  m_LightmapParameters: {fileID: 0}
  m_SortingLayerID: 0
  m_SortingLayer: 0
  m_SortingOrder: 0
--- !u!33 &1868122146
MeshFilter:
  m_ObjectHideFlags: 0
  m_PrefabParentObject: {fileID: 33748081686808796, guid: 0f4626d7ac0234913ad499936009406b,
    type: 2}
  m_PrefabInternal: {fileID: 1906235077}
  m_GameObject: {fileID: 1868122143}
  m_Mesh: {fileID: 4300002, guid: b616c5a8c62794d8da1c1680e586e7c0, type: 3}
--- !u!1 &1887630931
GameObject:
  m_ObjectHideFlags: 0
  m_PrefabParentObject: {fileID: 0}
  m_PrefabInternal: {fileID: 0}
  serializedVersion: 5
  m_Component:
  - component: {fileID: 1887630936}
  - component: {fileID: 1887630935}
  - component: {fileID: 1887630934}
  - component: {fileID: 1887630933}
  - component: {fileID: 1887630932}
  m_Layer: 0
  m_Name: Main Camera
  m_TagString: MainCamera
  m_Icon: {fileID: 0}
  m_NavMeshLayer: 0
  m_StaticEditorFlags: 0
  m_IsActive: 1
--- !u!81 &1887630932
AudioListener:
  m_ObjectHideFlags: 0
  m_PrefabParentObject: {fileID: 0}
  m_PrefabInternal: {fileID: 0}
  m_GameObject: {fileID: 1887630931}
  m_Enabled: 1
--- !u!124 &1887630933
Behaviour:
  m_ObjectHideFlags: 0
  m_PrefabParentObject: {fileID: 0}
  m_PrefabInternal: {fileID: 0}
  m_GameObject: {fileID: 1887630931}
  m_Enabled: 1
--- !u!92 &1887630934
Behaviour:
  m_ObjectHideFlags: 0
  m_PrefabParentObject: {fileID: 0}
  m_PrefabInternal: {fileID: 0}
  m_GameObject: {fileID: 1887630931}
  m_Enabled: 1
--- !u!20 &1887630935
Camera:
  m_ObjectHideFlags: 0
  m_PrefabParentObject: {fileID: 0}
  m_PrefabInternal: {fileID: 0}
  m_GameObject: {fileID: 1887630931}
  m_Enabled: 1
  serializedVersion: 2
  m_ClearFlags: 1
  m_BackGroundColor: {r: 0.19215687, g: 0.3019608, b: 0.4745098, a: 0}
  m_NormalizedViewPortRect:
    serializedVersion: 2
    x: 0
    y: 0
    width: 1
    height: 1
  near clip plane: 0.3
  far clip plane: 1000
  field of view: 60
  orthographic: 0
  orthographic size: 5
  m_Depth: -1
  m_CullingMask:
    serializedVersion: 2
    m_Bits: 4294967295
  m_RenderingPath: -1
  m_TargetTexture: {fileID: 0}
  m_TargetDisplay: 0
  m_TargetEye: 3
  m_HDR: 0
  m_AllowMSAA: 1
  m_AllowDynamicResolution: 0
  m_ForceIntoRT: 0
  m_OcclusionCulling: 1
  m_StereoConvergence: 10
  m_StereoSeparation: 0.022
--- !u!4 &1887630936
Transform:
  m_ObjectHideFlags: 0
  m_PrefabParentObject: {fileID: 0}
  m_PrefabInternal: {fileID: 0}
  m_GameObject: {fileID: 1887630931}
  m_LocalRotation: {x: -0.015294213, y: -0.9709348, z: 0.21261579, w: -0.1088408}
  m_LocalPosition: {x: -1.2, y: 2.35, z: 2.7}
  m_LocalScale: {x: 1, y: 1, z: 1}
  m_Children:
  - {fileID: 724833437}
  m_Father: {fileID: 0}
  m_RootOrder: 0
  m_LocalEulerAnglesHint: {x: 24.595001, y: -193.02, z: -1.0450001}
--- !u!1001 &1906235077
Prefab:
  m_ObjectHideFlags: 0
  serializedVersion: 2
  m_Modification:
    m_TransformParent: {fileID: 0}
    m_Modifications:
    - target: {fileID: 4151849282131092, guid: 0f4626d7ac0234913ad499936009406b, type: 2}
      propertyPath: m_LocalPosition.x
      value: 1.5
      objectReference: {fileID: 0}
    - target: {fileID: 4151849282131092, guid: 0f4626d7ac0234913ad499936009406b, type: 2}
      propertyPath: m_LocalPosition.y
      value: 0
      objectReference: {fileID: 0}
    - target: {fileID: 4151849282131092, guid: 0f4626d7ac0234913ad499936009406b, type: 2}
      propertyPath: m_LocalPosition.z
      value: 0
      objectReference: {fileID: 0}
    - target: {fileID: 4151849282131092, guid: 0f4626d7ac0234913ad499936009406b, type: 2}
      propertyPath: m_LocalRotation.x
      value: 0
      objectReference: {fileID: 0}
    - target: {fileID: 4151849282131092, guid: 0f4626d7ac0234913ad499936009406b, type: 2}
      propertyPath: m_LocalRotation.y
      value: 0
      objectReference: {fileID: 0}
    - target: {fileID: 4151849282131092, guid: 0f4626d7ac0234913ad499936009406b, type: 2}
      propertyPath: m_LocalRotation.z
      value: 0
      objectReference: {fileID: 0}
    - target: {fileID: 4151849282131092, guid: 0f4626d7ac0234913ad499936009406b, type: 2}
      propertyPath: m_LocalRotation.w
      value: 1
      objectReference: {fileID: 0}
    - target: {fileID: 4151849282131092, guid: 0f4626d7ac0234913ad499936009406b, type: 2}
      propertyPath: m_RootOrder
      value: 2
      objectReference: {fileID: 0}
    - target: {fileID: 1908222340293382, guid: 0f4626d7ac0234913ad499936009406b, type: 2}
      propertyPath: m_Name
      value: Vending Machine (Lime)
      objectReference: {fileID: 0}
    - target: {fileID: 23206205097265556, guid: 0f4626d7ac0234913ad499936009406b,
        type: 2}
      propertyPath: m_Materials.Array.data[0]
      value: 
      objectReference: {fileID: 2100000, guid: f74e9810be4ca4eedade589f8a9ea263, type: 2}
    m_RemovedComponents: []
  m_ParentPrefab: {fileID: 100100000, guid: 0f4626d7ac0234913ad499936009406b, type: 2}
  m_RootGameObject: {fileID: 365388212}
  m_IsPrefabParent: 0
